<record><leader>00000cas a22000007a 4500</leader><controlfield tag="001">13717214</controlfield><controlfield tag="008">860611d18941894paudn ne      0    0eng d</controlfield><datafield ind1=" " ind2=" " tag="010"><subfield code="a">sn 86081539 </subfield></datafield><datafield ind1=" " ind2=" " tag="040"><subfield code="a">NPH</subfield><subfield code="b">eng</subfield><subfield code="c">NPH</subfield><subfield code="d">OCLCQ</subfield></datafield><datafield ind1=" " ind2=" " tag="042"><subfield code="a">msc</subfield></datafield><datafield ind1="0" ind2=" " tag="130"><subfield code="a">Morning news (Williamsport, Pa.)</subfield></datafield><datafield ind1="1" ind2="4" tag="245"><subfield code="a">The morning news.</subfield></datafield><datafield ind1=" " ind2=" " tag="260"><subfield code="a">Williamsport, Pa. :</subfield><subfield code="b">Morning News Co.,</subfield><subfield code="c">1894.</subfield></datafield><datafield ind1=" " ind2=" " tag="300"><subfield code="a">1 v. :</subfield><subfield code="b">ill.</subfield></datafield><datafield ind1=" " ind2=" " tag="310"><subfield code="a">Daily (except Sunday)</subfield></datafield><datafield ind1="0" ind2=" " tag="362"><subfield code="a">Vol. 1, no. 1 (Apr. 16, 1894)-v. 1, no. 15 (May 2, 1894).</subfield></datafield><datafield ind1=" " ind2=" " tag="752"><subfield code="a">United States</subfield><subfield code="b">Pennsylvania</subfield><subfield code="c">Lycoming</subfield><subfield code="d">Williamsport.</subfield></datafield><datafield ind1="0" ind2="0" tag="785"><subfield code="t">Evening news (Williamsport, Pa.)</subfield><subfield code="w">(DLC)sn 86081540</subfield></datafield></record>